@inproceedings{IPS15,
	author = {Li, Jack and Pu, Calton and Chen, Yuan and Talwar, Vanish and Milojicic, Dejan},
	year = {2015},
	month = {11},
	pages = {222-234},
	title = {Improving Preemptive Scheduling with Application-Transparent Checkpointing in Shared Clusters},
	doi = {10.1145/2814576.2814807}
}

@inproceedings{Arn99,
	author = {
	Olaf Arndt and
	Bernd Freisleben and
	Thilo Kielmann and
	Frank Thilo},
	title = {A comparative study of online scheduling algorithms for networks
	of workstations},
	booktitle = {Cluster Computing, The Journal of Networks, Software Tools and Applications},
	pages = {95--112},
	year = {2000}
}
@inproceedings{Kar97,
	author = {David Karger and
	Cli Stein and
	Dartmouth College and
	Joel Wein},
	title = {Scheduling Algorithms},
	booktitle = {Handbook of Algorithms and Theory of Computation},
	year = {1997}
}